<record><leader>00000cas a22000007a 4500</leader><controlfield tag="001">14249892</controlfield><controlfield tag="008">860922d1uuu19uutxuwr ne      0    0eng d</controlfield><datafield ind1=" " ind2=" " tag="010"><subfield code="a">sn 86089185 </subfield></datafield><datafield ind1=" " ind2=" " tag="040"><subfield code="a">PPM</subfield><subfield code="b">eng</subfield><subfield code="c">PPM</subfield><subfield code="d">OCLCQ</subfield></datafield><datafield ind1=" " ind2=" " tag="042"><subfield code="a">msc</subfield></datafield><datafield ind1="0" ind2="4" tag="245"><subfield code="a">The Granbury Democrat.</subfield></datafield><datafield ind1="1" ind2="3" tag="246"><subfield code="a">Democrat</subfield></datafield><datafield ind1=" " ind2=" " tag="260"><subfield code="a">Granbury, Tex. :</subfield><subfield code="b">Ashley W. Crockett</subfield></datafield><datafield ind1=" " ind2=" " tag="300"><subfield code="a">v.</subfield></datafield><datafield ind1=" " ind2=" " tag="310"><subfield code="a">Weekly</subfield></datafield><datafield ind1=" " ind2=" " tag="588"><subfield code="a">Description based on: Vol. 29, no. 36 (Aug. 6, 1902).</subfield></datafield><datafield ind1=" " ind2=" " tag="752"><subfield code="a">United States</subfield><subfield code="b">Texas</subfield><subfield code="c">Hood</subfield><subfield code="d">Granbury.</subfield></datafield><datafield ind1="0" ind2="7" tag="785"><subfield code="t">Graphic-truth</subfield><subfield code="w">(DLC)sn 86089184</subfield></datafield><datafield ind1="0" ind2="7" tag="785"><subfield code="t">Granbury graphic-Democrat</subfield><subfield code="w">(DLC)sn 86089183</subfield></datafield></record>